<record><leader>00000cas a22000007a 4500</leader><controlfield tag="001">13362932</controlfield><controlfield tag="008">860331d186u1866nyudn ne      0    0eng d</controlfield><datafield ind1=" " ind2=" " tag="010"><subfield code="a">sn 86053233 </subfield></datafield><datafield ind1=" " ind2=" " tag="040"><subfield code="a">NPX</subfield><subfield code="b">eng</subfield><subfield code="c">NPX</subfield><subfield code="d">DLC</subfield><subfield code="d">NYS</subfield><subfield code="d">NVF</subfield><subfield code="d">OCL</subfield><subfield code="d">OCLCQ</subfield><subfield code="d">OCLCF</subfield><subfield code="d">OCLCO</subfield></datafield><datafield ind1="1" ind2=" " tag="029"><subfield code="a">AU@</subfield><subfield code="b">000020235952</subfield></datafield><datafield ind1=" " ind2=" " tag="042"><subfield code="a">msc</subfield></datafield><datafield ind1=" " ind2=" " tag="043"><subfield code="a">n-us-ny</subfield></datafield><datafield ind1="0" ind2="0" tag="050"><subfield code="a">Newspaper 8829-X</subfield></datafield><datafield ind1="0" ind2=" " tag="130"><subfield code="a">Utica evening telegraph (Utica, N.Y. : 1864)</subfield></datafield><datafield ind1="1" ind2="0" tag="245"><subfield code="a">Utica evening telegraph.</subfield></datafield><datafield ind1="1" ind2="3" tag="246"><subfield code="a">Daily evening telegraph</subfield></datafield><datafield ind1=" " ind2=" " tag="260"><subfield code="a">Utica, N.Y. :</subfield><subfield code="b">Francis A. Crandall,</subfield><subfield code="c">-1866.</subfield></datafield><datafield ind1=" " ind2=" " tag="300"><subfield code="a">v. :</subfield><subfield code="b">ill. (chiefly advertisements) ;</subfield><subfield code="c">55 cm.</subfield></datafield><datafield ind1=" " ind2=" " tag="310"><subfield code="a">Daily (except Sunday)</subfield></datafield><datafield ind1="0" ind2=" " tag="362"><subfield code="a">-Mar. 15, 1866.</subfield></datafield><datafield ind1=" " ind2=" " tag="500"><subfield code="a">Publishers: Francis A. Crandall, &lt;1864-1865&gt;; David F. Ritchie, &lt;1866&gt;.</subfield></datafield><datafield ind1=" " ind2=" " tag="588"><subfield code="a">Description based on: Vol. 12, no. 305 (May 2, 1864).</subfield></datafield><datafield ind1=" " ind2="0" tag="651"><subfield code="a">Utica (N.Y.)</subfield><subfield code="v">Newspapers.</subfield></datafield><datafield ind1=" " ind2="7" tag="655"><subfield code="a">Newspapers.</subfield><subfield code="2">fast</subfield><subfield code="0">(OCoLC)fst01423814</subfield></datafield><datafield ind1=" " ind2="7" tag="651"><subfield code="a">New York (State)</subfield><subfield code="z">Utica.</subfield><subfield code="2">fast</subfield><subfield code="0">(OCoLC)fst01207805</subfield></datafield><datafield ind1=" " ind2=" " tag="752"><subfield code="a">United States</subfield><subfield code="b">New York</subfield><subfield code="c">Oneida</subfield><subfield code="d">Utica.</subfield></datafield><datafield ind1="0" ind2="0" tag="780"><subfield code="t">Utica telegraph</subfield><subfield code="w">(DLC)sn 86053232</subfield></datafield><datafield ind1="0" ind2="0" tag="785"><subfield code="t">Utica evening telegraph and daily journal</subfield><subfield code="w">(DLC)sn 84035927</subfield></datafield></record>